<?xml version="1.0" encoding="UTF-8"?><collection xmlns="http://www.loc.gov/MARC21/slim"><record><leader>00401nam--2200157-i-4500</leader><controlfield tag="001">000013159</controlfield><controlfield tag="002">20161230</controlfield><controlfield tag="005">20170305181712</controlfield><controlfield tag="008">060222s1000------------r-----000-0-eng-d</controlfield><datafield ind1=" " ind2=" " tag="100"><subfield code="a">Bologan, Gheorghe</subfield></datafield><datafield ind1=" " ind2=" " tag="245"><subfield code="a">Dictionar roman-rus</subfield></datafield><datafield ind1=" " ind2=" " tag="260"><subfield code="a">Bucuresti</subfield><subfield code="b">Ed.Stiint.Si Encicl</subfield><subfield code="c">1980</subfield></datafield><datafield ind1=" " ind2=" " tag="300"><subfield code="a">1992 p</subfield></datafield><datafield ind1=" " ind2=" " tag="700"><subfield code="a">Vorontova, Tatiana</subfield></datafield><datafield ind1=" " ind2=" " tag="852"><subfield code="a">801.323.2=590=82</subfield></datafield><datafield ind1=" " ind2=" " tag="CAT"><subfield code="a">SYS</subfield><subfield code="c">20170305</subfield><subfield code="h">181712</subfield></datafield></record></collection>